<?xml version="1.0" encoding="UTF-8" ?>
<collection xmlns:xsi="http://www.w3.org/2001/XMLSchema-instance"
    xsi:schemaLocation="http://www.loc.gov/MARC21/slim
        http://www.loc.gov/standards/marcxml/schema/MARC21slim.xsd"
    xmlns="http://www.loc.gov/MARC21/slim">
<record>
  <leader>00292cam a2200577 ia4500</leader>
  <controlfield tag="001">b18036478</controlfield>
  <controlfield tag="003">LeBAU</controlfield>
  <controlfield tag="005">20180912</controlfield>
  <controlfield tag="008">140319s1933    ua            ||0 0 ara d</controlfield>
  <datafield tag="040" ind1=" " ind2=" ">
    <subfield code="a">LEAUB</subfield>
    <subfield code="b">ara</subfield>
    <subfield code="e">rda</subfield>
    <subfield code="c">LEAUB</subfield>
  </datafield>
  <datafield tag="082" ind1="0" ind2="4">
    <subfield code="a">297.207</subfield>
    <subfield code="2">23</subfield>
  </datafield>
  <datafield tag="100" ind1="1" ind2=" ">
    <subfield code="6">880-01</subfield>
    <subfield code="a">Jamal, Sulaymān ibn ʻUmar,</subfield>
    <subfield code="d">-1789 or 1790,</subfield>
    <subfield code="e">author.</subfield>
  </datafield>
  <datafield tag="245" ind1="1" ind2="0">
    <subfield code="6">880-02</subfield>
    <subfield code="a">Ḥāshiyah ʻalá al-jalālayn :</subfield>
    <subfield code="b">al-musammāh bi-al-Futūḥāt al-ilāhīyah bi-tawḍīḥ Tafsīr al-Jalālayn lil-daqāʼiq al-khafīyah /</subfield>
    <subfield code="c">taʼlīf al-ʻallāmah al-Shaykh Sulayman al-Jamal. maʻa Tafsīr al-Jalālayn al-madhkūr. Wa-ayḍan Imlāʼ mā manna bihī al-Rahmān min wujūh al-iʻrab wa-al-qirāʼāt-fī jamīʻ al-Qurʼān / ta’līf al-ʻallāmah Muḥibb al-Dīn Abī al-Baqāʼ ʻAbd Allāh ibn al-Ḥusayn ibn ʻAbd Allāh al-ʻUkbarī.</subfield>
  </datafield>
  <datafield tag="246" ind1="3" ind2="3">
    <subfield code="6">880-03</subfield>
    <subfield code="a">Futūḥāt al-ilāhīyah bi-tawdīh Tafsīr al-Jalālayn lil-daqāʼiq al-khafīyah</subfield>
  </datafield>
  <datafield tag="264" ind1=" " ind2="1">
    <subfield code="6">880-04</subfield>
    <subfield code="a">Miṣr :</subfield>
    <subfield code="b">Maṭbaʻat Muṣṭafá Muḥammad,</subfield>
    <subfield code="c">1352 H. = 1933 M.</subfield>
  </datafield>
  <datafield tag="300" ind1=" " ind2=" ">
    <subfield code="6">880-05</subfield>
    <subfield code="a">4 volumes ;</subfield>
    <subfield code="c">28 cm</subfield>
  </datafield>
  <datafield tag="336" ind1=" " ind2=" ">
    <subfield code="a">text</subfield>
    <subfield code="b">txt</subfield>
    <subfield code="2">rdacontent</subfield>
  </datafield>
  <datafield tag="337" ind1=" " ind2=" ">
    <subfield code="a">unmediated</subfield>
    <subfield code="b">n</subfield>
    <subfield code="2">rdamedia</subfield>
  </datafield>
  <datafield tag="338" ind1=" " ind2=" ">
    <subfield code="a">volume</subfield>
    <subfield code="b">nc</subfield>
    <subfield code="2">rdacarrier</subfield>
  </datafield>
  <datafield tag="500" ind1=" " ind2=" ">
    <subfield code="a">"تنبيه ليعلم القارئ أن تفسير الجلالين برأس الصحيفة والاملاء بأسفل الصحيفة، وعليه تعليقات لفضيلة الأستاذ الشيخ عبد الرحمن الجزيري، مفتش أول مساجد الأوقاف."</subfield>
  </datafield>
  <datafield tag="600" ind1="0" ind2="4">
    <subfield code="a">السيوطي،</subfield>
    <subfield code="d">1445-1505.</subfield>
    <subfield code="t">تفسير الجلالين.</subfield>
  </datafield>
  <datafield tag="600" ind1="1" ind2="4">
    <subfield code="a">المحلي، جلال الدين محمد بن احمد،</subfield>
    <subfield code="d">1389-1459.</subfield>
    <subfield code="t">تفسير الجلالين.</subfield>
  </datafield>
  <datafield tag="600" ind1="0" ind2="0">
    <subfield code="a">Suyūṭī,</subfield>
    <subfield code="d">1445-1505.</subfield>
    <subfield code="t">Tafsīr al-Jalālayn.</subfield>
  </datafield>
  <datafield tag="600" ind1="1" ind2="0">
    <subfield code="a">Maḥallī, Jalāl al-Dīn Muḥammad ibn Aḥmad,</subfield>
    <subfield code="d">1389-1459.</subfield>
    <subfield code="t">Tafsīr al-Jalālayn.</subfield>
  </datafield>
  <datafield tag="630" ind1="0" ind2="4">
    <subfield code="a">قرآن</subfield>
    <subfield code="x">تفسير وتأويل</subfield>
    <subfield code="v">اعمال قديمة حتى 1800.</subfield>
  </datafield>
  <datafield tag="630" ind1="0" ind2="4">
    <subfield code="a">قرآن</subfield>
    <subfield code="x">الاسلوب اللغوي</subfield>
    <subfield code="v">اعمال قديمة حتى 1800.</subfield>
  </datafield>
  <datafield tag="630" ind1="0" ind2="0">
    <subfield code="a">Qurʼan</subfield>
    <subfield code="x">Hermeneutics</subfield>
    <subfield code="v">Early works to 1800.</subfield>
  </datafield>
  <datafield tag="630" ind1="0" ind2="0">
    <subfield code="a">Qurʼan</subfield>
    <subfield code="x">Language, style</subfield>
    <subfield code="v">Early works to 1800.</subfield>
  </datafield>
  <datafield tag="700" ind1="0" ind2="2">
    <subfield code="6">880-06</subfield>
    <subfield code="a">Suyūṭī,</subfield>
    <subfield code="d">1445-1505.</subfield>
    <subfield code="t">Tafsīr al-Jalālayn.</subfield>
  </datafield>
  <datafield tag="700" ind1="1" ind2="2">
    <subfield code="6">880-07</subfield>
    <subfield code="a">Maḥallī, Jalāl al-Dīn Muḥammad ibn Aḥmad,</subfield>
    <subfield code="d">1389-1459.</subfield>
    <subfield code="t">Tafsīr al-Jalālayn.</subfield>
  </datafield>
  <datafield tag="700" ind1="1" ind2="2">
    <subfield code="6">880-08</subfield>
    <subfield code="a">ʻUkbarī, ʻAbd Allāh ibn al-Ḥusayn,</subfield>
    <subfield code="d">1143 or 1144-1219.</subfield>
    <subfield code="t">Imlāʼ mā manna bihi al-Raḥmān min wujūh al-iʻrāb wa-al-qarāʼāt fī jamīʻ al-Qurʼān.</subfield>
  </datafield>
  <datafield tag="700" ind1="1" ind2=" ">
    <subfield code="6">880-09</subfield>
    <subfield code="a">Jazīrī, ʻAbd al-Raḥmān,</subfield>
    <subfield code="e">commentator for written text.</subfield>
  </datafield>
  <datafield tag="775" ind1="0" ind2="8">
    <subfield code="6">880-10</subfield>
    <subfield code="i">has designation of edition</subfield>
    <subfield code="4">http://rdaregistry.info/Elements/m/P30133 :</subfield>
    <subfield code="t">al-Futūḥāt al-ilāhīyah bi-tawdīh Tafsīr al-Jalālyn lil-daqāʼiq al-khafīyah.</subfield>
    <subfield code="d">al-Qāhirah : Maṭbaʻat al-Istiqāmah, 1377 H., [1957? M.]</subfield>
    <subfield code="w">(OCoLC)784285069</subfield>
    <subfield code="w">(OCoLC)784285069</subfield>
  </datafield>
  <datafield tag="852" ind1=" " ind2=" ">
    <subfield code="a">Jafet Library</subfield>
    <subfield code="e">American University of Beirut, Bliss Street , Beirut, Lebanon.</subfield>
  </datafield>
  <datafield tag="880" ind1="1" ind2=" ">
    <subfield code="6">100-01/(3/r</subfield>
    <subfield code="a">الجمل، سليمان بن عمر،</subfield>
    <subfield code="d">-1789 او 1790،</subfield>
    <subfield code="e">مؤلف. </subfield>
    <subfield code="4">aut.</subfield>
  </datafield>
  <datafield tag="880" ind1="1" ind2="0">
    <subfield code="6">245-02/(3/r</subfield>
    <subfield code="a">حاشية على الجلالين:</subfield>
    <subfield code="b">المسماة بالفتوحات الإلهية بتوضيح تفسير الجلالين للدقائق الخفية /</subfield>
    <subfield code="c">تأليف العلامة الشيخ سليمان الجمل. مع تفسير الجلالين المذكور. وأيضاً إملاء ما من به الرحمن من وجوه الإعراب والقراآت في جميع القرآن / تأليف العلامة محب الدين أبي البقاء عبد الله بن الحسين بن عبد الله العكبري.</subfield>
  </datafield>
  <datafield tag="880" ind1="3" ind2="0">
    <subfield code="6">246-03/(3/r</subfield>
    <subfield code="a">الفتوحات الإلهية بتوضيح تفسير الجلالين للدقائق الخفية</subfield>
  </datafield>
  <datafield tag="880" ind1=" " ind2="1">
    <subfield code="6">264-04/(3/r</subfield>
    <subfield code="a">مصر :</subfield>
    <subfield code="b">مطبعة مصطفى محمد،</subfield>
    <subfield code="c">1352 هـ. = 1933 م.</subfield>
  </datafield>
  <datafield tag="880" ind1=" " ind2=" ">
    <subfield code="6">300-05/(3/r</subfield>
    <subfield code="a">4 أجزاء ؛</subfield>
    <subfield code="c">28 سم</subfield>
  </datafield>
  <datafield tag="880" ind1="0" ind2="2">
    <subfield code="6">700-06/(3/r</subfield>
    <subfield code="a">السيوطي،</subfield>
    <subfield code="d">1445-1505.</subfield>
    <subfield code="t">تفسير الجلالين.</subfield>
  </datafield>
  <datafield tag="880" ind1="1" ind2="2">
    <subfield code="6">700-07/(3/r</subfield>
    <subfield code="a">المحلي، جلال الدين محمد بن احمد،</subfield>
    <subfield code="d">1389-1459.</subfield>
    <subfield code="t">تفسير الجلالين.</subfield>
  </datafield>
  <datafield tag="880" ind1="1" ind2="2">
    <subfield code="6">700-08/(3/r</subfield>
    <subfield code="a">العكبري، عبد الله بن الحسين،</subfield>
    <subfield code="d">1143 او 1144-1219.</subfield>
    <subfield code="t">إملاء ما من به الرحمن من وجوه الإعراب والقراءات في جميع القرآن.</subfield>
  </datafield>
  <datafield tag="880" ind1="1" ind2=" ">
    <subfield code="6">700-09/(3/r</subfield>
    <subfield code="a">الجزيري، عبد الرحمن،</subfield>
    <subfield code="e">معلق على النص. </subfield>
    <subfield code="4">cwt.</subfield>
  </datafield>
  <datafield tag="880" ind1="0" ind2="8">
    <subfield code="6">775-10/(3/r</subfield>
    <subfield code="i">دلالة على الطبعة</subfield>
    <subfield code="4">http://rdaregistry.info/Elements/m/P30133 :</subfield>
    <subfield code="t">الفتوحات الإلهية بتوضيح تفسير الجلالين للدقائق الخفية.</subfield>
    <subfield code="d">القاهرة : مطبعة الإستقامة، 1377 هـ.، [1957؟ م.]</subfield>
    <subfield code="w">b12372316</subfield>
    <subfield code="w">(OCoLC)784285069</subfield>
  </datafield>
  <datafield tag="907" ind1=" " ind2=" ">
    <subfield code="a">.b18036478</subfield>
    <subfield code="b">18-09-17</subfield>
    <subfield code="c">14-03-19</subfield>
  </datafield>
  <datafield tag="907" ind1=" " ind2=" ">
    <subfield code="a">.b18036478</subfield>
    <subfield code="b">15-10-30</subfield>
    <subfield code="c">14-03-19</subfield>
  </datafield>
  <datafield tag="945" ind1=" " ind2=" ">
    <subfield code="f">J</subfield>
    <subfield code="a">297.207:J27hA:1933:v.1</subfield>
    <subfield code="i">01009360</subfield>
    <subfield code="j">.i12824550</subfield>
    <subfield code="l">u0503</subfield>
  </datafield>
  <datafield tag="945" ind1=" " ind2=" ">
    <subfield code="f">J</subfield>
    <subfield code="a">297.207:J27hA:1933:v.2</subfield>
    <subfield code="i">01009362</subfield>
    <subfield code="j">.i12824574</subfield>
    <subfield code="l">u0503</subfield>
  </datafield>
  <datafield tag="945" ind1=" " ind2=" ">
    <subfield code="f">J</subfield>
    <subfield code="a">297.207:J27hA:1933:v.3</subfield>
    <subfield code="i">01009364</subfield>
    <subfield code="j">.i12824598</subfield>
    <subfield code="l">u0503</subfield>
  </datafield>
  <datafield tag="945" ind1=" " ind2=" ">
    <subfield code="f">J</subfield>
    <subfield code="a">297.207:J27hA:1933:v.4</subfield>
    <subfield code="i">01009366</subfield>
    <subfield code="j">.i12824616</subfield>
    <subfield code="l">u0503</subfield>
  </datafield>
  <datafield tag="998" ind1=" " ind2=" ">
    <subfield code="a">u05</subfield>
    <subfield code="b">14-03-19</subfield>
    <subfield code="c">m</subfield>
    <subfield code="d">a  </subfield>
    <subfield code="e">-</subfield>
    <subfield code="f">ara</subfield>
    <subfield code="g">ua </subfield>
    <subfield code="h">0</subfield>
    <subfield code="i">0</subfield>
  </datafield>
</record>
</collection>
